@inbook{
	rojers,
	author="Роджерс Д., Адамс Дж.",
	title="Математические основы машинной графики",
	publisher="М.: Мир",
	language="russian",
	year=1989
}

@misc{intel,
	title = "Процессор Intel® Core™ i5-1135G7",
	howpublished = "Режим доступа \url{https://www.intel.ru/content/www/ru/ru/products/sku/208658/intel-core-i51135g7-processor-8m-cache-up-to-4-20-ghz/specifications.html} (дата обращения: 15.10.2021)"}

@misc{ubuntu,
	title="Ubuntu 20.04.3 LTS (Focal Fossa) [Электронный ресурс]",
	howpublished="Режим доступа: \url{https://releases.ubuntu.com/20.04/} (дата обращения: 27.12.2021)"
}

@misc{raytrac,
	title="Обратная трассировка лучей",
	howpublished="Режим доступа: \url{http://www.ray-tracing.ru/articles164.html} (дата обращения: 22.12.2021)"
}

@misc{light,
	title="Простые модели освещения",
	howpublished="Режим доступа: \url{http://grafika.me/node/344} (дата обращения: 27.12.2021)"
}

@misc{cul,
	title="Алгоритмические основы современной компьютерной графики",
	howpublished="Режим доступа: \url{https://intuit.ru/studies/courses/70/70/info} (дата обращения: 27.12.2021)"
}

@misc{ico,
	title="Creating an icosphere mesh in code",
	howpublished="Режим доступа: \url{http://blog.andreaskahler.com/2009/06/creating-icosphere-mesh-in-code.html} (дата обращения: 27.12.2021)"
}
